<collection xmlns="http://www.loc.gov/MARC21/slim">
<record>
  <leader>01974nam0a2200325 i 450 </leader>
  <controlfield tag="001">IT\ICCU\CNCE\008032</controlfield>
  <controlfield tag="005">20021023000000.0</controlfield>
  <datafield tag="012" ind1=" " ind2=" ">
    <subfield code="a">u-t, uee- vtu- RoEt (3) 1575 (R)</subfield>
    <subfield code="2">fei</subfield>
  </datafield>
  <datafield tag="100" ind1=" " ind2=" ">
    <subfield code="a">19970101d1575        0itac0103    ba</subfield>
  </datafield>
  <datafield tag="101" ind1=" " ind2=" ">
    <subfield code="a">LAT</subfield>
  </datafield>
  <datafield tag="102" ind1=" " ind2=" ">
    <subfield code="a">IT</subfield>
  </datafield>
  <datafield tag="200" ind1="1" ind2=" ">
    <subfield code="a">Vicariatus praecedentiae. De praecedentia episcopalis vicarij, &amp; aliarum dignitatum in cathedralibus ecclesijs, quaedam doctissima consilia. Ac etiam tractatus sane quam vtilis de secularibus potestatibus clericos, ac personas ecclesiasticas bannientibus, seu proscribentibus; pro defensione immunitatis &amp; libertatis ecclesiasticae. C. Mario Caboga authore. Nunc primum in lucem editi</subfield>
  </datafield>
  <datafield tag="210" ind1=" " ind2=" ">
    <subfield code="a">Venetiis</subfield>
    <subfield code="c">apud Bologninum Zalterium</subfield>
    <subfield code="d">1575</subfield>
  </datafield>
  <datafield tag="215" ind1=" " ind2=" ">
    <subfield code="a">\8!, 64 p.</subfield>
    <subfield code="d">4ʻ</subfield>
  </datafield>
  <datafield tag="620" ind1=" " ind2=" ">
    <subfield code="a">IT</subfield>
    <subfield code="d">Venezia</subfield>
  </datafield>
  <datafield tag="700" ind1=" " ind2="1">
    <subfield code="a">Caboga,</subfield>
    <subfield code="b">Mario</subfield>
    <subfield code="3">IT\ICCU\CNCA\002308</subfield>
  </datafield>
  <datafield tag="712" ind1="0" ind2="0">
    <subfield code="a">Zaltieri, Bolognino</subfield>
    <subfield code="3">IT\ICCU\CNCT\000367</subfield>
    <subfield code="4">650</subfield>
  </datafield>
  <datafield tag="790" ind1=" " ind2="1">
    <subfield code="a">Cordiza,</subfield>
    <subfield code="b">Mario</subfield>
    <subfield code="3">IT\ICCU\CNCA\013954</subfield>
    <subfield code="z">Caboga, Mario</subfield>
  </datafield>
  <datafield tag="791" ind1="0" ind2="0">
    <subfield code="a">Zalterius, Bologninus</subfield>
    <subfield code="3">IT\ICCU\CNCT\004176</subfield>
    <subfield code="z">Zaltieri, Bolognino</subfield>
  </datafield>
  <datafield tag="791" ind1="0" ind2="0">
    <subfield code="a">Zalterio, Bolognin</subfield>
    <subfield code="3">IT\ICCU\CNCT\005774</subfield>
    <subfield code="z">Zaltieri, Bolognino</subfield>
  </datafield>
  <datafield tag="791" ind1="0" ind2="0">
    <subfield code="a">Zaltiero, Bolognino</subfield>
    <subfield code="3">IT\ICCU\CNCT\005775</subfield>
    <subfield code="z">Zaltieri, Bolognino</subfield>
  </datafield>
  <datafield tag="801" ind1=" " ind2="3">
    <subfield code="a">IT</subfield>
    <subfield code="b">ICCU</subfield>
    <subfield code="c">20201113</subfield>
  </datafield>
  <datafield tag="899" ind1=" " ind2=" ">
    <subfield code="a">Biblioteca universitaria. Bologna</subfield>
    <subfield code="1">BO0098</subfield>
    <subfield code="2">UBO BU</subfield>
  </datafield>
  <datafield tag="899" ind1=" " ind2=" ">
    <subfield code="a">Biblioteca universitaria. Cagliari</subfield>
    <subfield code="1">CA0194</subfield>
    <subfield code="2">CAG UC</subfield>
  </datafield>
  <datafield tag="899" ind1=" " ind2=" ">
    <subfield code="a">Biblioteca Ambrosiana. Milano</subfield>
    <subfield code="1">MI0133</subfield>
    <subfield code="2">VBA 01</subfield>
  </datafield>
  <datafield tag="899" ind1=" " ind2=" ">
    <subfield code="a">Biblioteca nazionale Vittorio Emanuele III. Napoli</subfield>
    <subfield code="1">NA0079</subfield>
    <subfield code="2">NAP BN</subfield>
  </datafield>
  <datafield tag="899" ind1=" " ind2=" ">
    <subfield code="a">Biblioteca comunale Manfrediana. Faenza</subfield>
    <subfield code="1">RA0016</subfield>
    <subfield code="2">RAV FA</subfield>
  </datafield>
  <datafield tag="899" ind1=" " ind2=" ">
    <subfield code="a">Biblioteca comunale Classense. Ravenna</subfield>
    <subfield code="1">RA0036</subfield>
    <subfield code="2">RAV CL</subfield>
  </datafield>
  <datafield tag="911" ind1=" " ind2=" ">
    <subfield code="a">Sul front.</subfield>
    <subfield code="9">IT\ICCU\CNCM\000104</subfield>
  </datafield>
  <datafield tag="921" ind1=" " ind2=" ">
    <subfield code="a">IT\ICCU\CNCM\000104</subfield>
    <subfield code="b">Venezia (donna coronata con ramo d&apos;olivo e palma tra le braccia; al lato due leoni e mare sullo sfondo). In basso la scritta: Venetia. In cornice figurata</subfield>
    <subfield code="e">In te Domine speraui.</subfield>
    <subfield code="c">Q66</subfield>
    <subfield code="c">Z1185</subfield>
    <subfield code="d">Dimensioni: 4,5 x 5,5</subfield>
    <subfield code="f">DONNA</subfield>
    <subfield code="f">INTEDOMINE</subfield>
    <subfield code="f">LEONI</subfield>
    <subfield code="f">MARE</subfield>
    <subfield code="f">VENEZIA</subfield>
    <subfield code="g">1568-1576</subfield>
  </datafield>
</record>
</collection>
